@ARTICLE{Gutermuth08,
   author = {{Gutermuth}, R.~A. and {Bourke}, T.~L. and {Allen}, L.~E. and 
	{Myers}, P.~C. and {Megeath}, S.~T. and {Matthews}, B.~C. and 
	{J{\o}rgensen}, J.~K. and {Di Francesco}, J. and {Ward-Thompson}, D. and 
	{Huard}, T.~L. and {Brooke}, T.~Y. and {Dunham}, M.~M. and {Cieza}, L.~A. and 
	{Harvey}, P.~M. and {Chapman}, N.~L.},
    title = "{The Spitzer Gould Belt Survey of Large Nearby Interstellar Clouds: Discovery of a Dense Embedded Cluster in the Serpens-Aquila Rift}",
  journal = {\apjl},
archivePrefix = "arXiv",
   eprint = {0712.3303},
 keywords = {ISM: individual (IRAS 18275-0203), ISM: individual (IRAS 18274-0205), Stars: Formation, Stars: Low-Mass, Brown Dwarfs},
     year = 2008,
    month = feb,
   volume = 673,
    pages = {L151-L154},
      doi = {10.1086/528710},
   adsurl = {http://adsabs.harvard.edu/abs/2008ApJ...673L.151G},
  adsnote = {Provided by the SAO/NASA Astrophysics Data System}
}

@INPROCEEDINGS{Anglada95,
   author = {{Anglada}, G.},
    title = "{Centimeter Continuum Emission from Outflow Sources}",
booktitle = {Revista Mexicana de Astronomia y Astrofisica Conference Series},
     year = 1995,
   series = {Revista Mexicana de Astronomia y Astrofisica, vol. 27},
   volume = 1,
   editor = {{Lizano}, S. and {Torrelles}, J.~M.},
    month = apr,
    pages = {67},
   adsurl = {http://adsabs.harvard.edu/abs/1995RMxAC...1...67A},
  adsnote = {Provided by the SAO/NASA Astrophysics Data System}
}

@ARTICLE{Reipurth99,
   author = {{Reipurth}, B. and {Rodr{\'{\i}}guez}, L.~F. and {Chini}, R.
	},
    title = "{VLA Detection of Protostars in OMC-2/3}",
  journal = {\aj},
 keywords = {ISM: JETS AND OUTFLOWS, RADIO CONTINUUM: STARS, STARS: FORMATION, STARS: MASS LOSS},
     year = 1999,
    month = aug,
   volume = 118,
    pages = {983-989},
      doi = {10.1086/300958},
   adsurl = {http://adsabs.harvard.edu/abs/1999AJ....118..983R},
  adsnote = {Provided by the SAO/NASA Astrophysics Data System}
}

@ARTICLE{Shirley07,
   author = {{Shirley}, Y.~L. and {Claussen}, M.~J. and {Bourke}, T.~L. and 
	{Young}, C.~H. and {Blake}, G.~A.},
    title = "{The Detection and Characterization of Centimeter Radio Continuum Emission from the Low-Mass Protostar L1014-IRS}",
  journal = {\apj},
archivePrefix = "arXiv",
   eprint = {0705.1747},
 keywords = {Radiation Mechanisms: Nonthermal, Radiation Mechanisms: Thermal, Radio Continuum: Stars, Stars: Formation},
     year = 2007,
    month = sep,
   volume = 667,
    pages = {329-339},
      doi = {10.1086/520570},
   adsurl = {http://adsabs.harvard.edu/abs/2007ApJ...667..329S},
  adsnote = {Provided by the SAO/NASA Astrophysics Data System}
}

@ARTICLE{Bontemps10,
   author = {{Bontemps}, S. and {Andr{\'e}}, P. and {K{\"o}nyves}, V. and 
	{Men'shchikov}, A. and {Schneider}, N. and {Maury}, A. and {Peretto}, N. and 
	{Arzoumanian}, D. and {Attard}, M. and {Motte}, F. and {Minier}, V. and 
	{Didelon}, P. and {Saraceno}, P. and {Abergel}, A. and {Baluteau}, J.-P. and 
	{Bernard}, J.-P. and {Cambr{\'e}sy}, L. and {Cox}, P. and {di Francesco}, J. and 
	{di Giorgo}, A.~M. and {Griffin}, M. and {Hargrave}, P. and 
	{Huang}, M. and {Kirk}, J. and {Li}, J. and {Martin}, P. and 
	{Mer{\'{\i}}n}, B. and {Molinari}, S. and {Olofsson}, G. and 
	{Pezzuto}, S. and {Prusti}, T. and {Roussel}, H. and {Russeil}, D. and 
	{Sauvage}, M. and {Sibthorpe}, B. and {Spinoglio}, L. and {Testi}, L. and 
	{Vavrek}, R. and {Ward-Thompson}, D. and {White}, G. and {Wilson}, C. and 
	{Woodcraft}, A. and {Zavagno}, A.},
    title = "{The Herschel first look at protostars in the Aquila rift}",
  journal = {\aap},
archivePrefix = "arXiv",
   eprint = {1005.2634},
 primaryClass = "astro-ph.GA",
 keywords = {stars: formation, ISM: clouds},
     year = 2010,
    month = jul,
   volume = 518,
      eid = {L85},
    pages = {L85},
      doi = {10.1051/0004-6361/201014661},
   adsurl = {http://adsabs.harvard.edu/abs/2010A%26A...518L..85B},
  adsnote = {Provided by the SAO/NASA Astrophysics Data System}
}

@ARTICLE{Randall12,
   author = {{Randall}, K.~E. and {Hopkins}, A.~M. and {Norris}, R.~P. and 
	{Zinn}, P.-C. and {Middelberg}, E. and {Mao}, M.~Y. and {Sharp}, R.~G.
	},
    title = "{Spectral index properties of milliJansky radio sources}",
  journal = {\mnras},
archivePrefix = "arXiv",
   eprint = {1201.0568},
 primaryClass = "astro-ph.CO",
 keywords = {catalogues, galaxies: active, galaxies: evolution, radio continuum: galaxies},
     year = 2012,
    month = apr,
   volume = 421,
    pages = {1644-1660},
      doi = {10.1111/j.1365-2966.2012.20422.x},
   adsurl = {http://adsabs.harvard.edu/abs/2012MNRAS.421.1644R},
  adsnote = {Provided by the SAO/NASA Astrophysics Data System}
}

@ARTICLE{Maury11,
   author = {{Maury}, A.~J. and {Andr{\'e}}, P. and {Men'shchikov}, A. and 
	{K{\"o}nyves}, V. and {Bontemps}, S.},
    title = "{The formation of active protoclusters in the Aquila rift: a millimeter continuum view}",
  journal = {\aap},
archivePrefix = "arXiv",
   eprint = {1108.0668},
 primaryClass = "astro-ph.GA",
 keywords = {stars: formation, circumstellar matter, ISM: clouds, ISM: structure, dust, extinction, stars: protostars},
     year = 2011,
    month = nov,
   volume = 535,
      eid = {A77},
    pages = {A77},
      doi = {10.1051/0004-6361/201117132},
   adsurl = {http://adsabs.harvard.edu/abs/2011A%26A...535A..77M},
  adsnote = {Provided by the SAO/NASA Astrophysics Data System}
}

@ARTICLE{Dunham13,
   author = {{Dunham}, M.~M. and {Arce}, H.~G. and {Allen}, L.~E. and {Evans}, II, N.~J. and 
	{Broekhoven-Fiene}, H. and {Chapman}, N.~L. and {Cieza}, L.~A. and 
	{Gutermuth}, R.~A. and {Harvey}, P.~M. and {Hatchell}, J. and 
	{Huard}, T.~L. and {Kirk}, J.~M. and {Matthews}, B.~C. and {Mer{\'{\i}}n}, B. and 
	{Miller}, J.~F. and {Peterson}, D.~E. and {Spezzi}, L.},
    title = "{The Luminosities of Protostars in the Spitzer c2d and Gould Belt Legacy Clouds}",
  journal = {\aj},
archivePrefix = "arXiv",
   eprint = {1301.4416},
 primaryClass = "astro-ph.GA",
 keywords = {stars: formation, stars: low-mass, stars: luminosity function, mass function, stars: protostars},
     year = 2013,
    month = apr,
   volume = 145,
      eid = {94},
    pages = {94},
      doi = {10.1088/0004-6256/145/4/94},
   adsurl = {http://adsabs.harvard.edu/abs/2013AJ....145...94D},
  adsnote = {Provided by the SAO/NASA Astrophysics Data System}
}

@ARTICLE{Kirk13,
   author = {{Kirk}, H. and {Myers}, P.~C. and {Bourke}, T.~L. and {Gutermuth}, R.~A. and 
	{Hedden}, A. and {Wilson}, G.~W.},
    title = "{Filamentary Accretion Flows in the Embedded Serpens South Protocluster}",
  journal = {\apj},
archivePrefix = "arXiv",
   eprint = {1301.6792},
 primaryClass = "astro-ph.GA",
 keywords = {stars: formation, ISM: clouds, ISM: kinematics and dynamics, ISM: molecules},
     year = 2013,
    month = apr,
   volume = 766,
      eid = {115},
    pages = {115},
      doi = {10.1088/0004-637X/766/2/115},
   adsurl = {http://adsabs.harvard.edu/abs/2013ApJ...766..115K},
  adsnote = {Provided by the SAO/NASA Astrophysics Data System}
}

@INPROCEEDINGS{Lada87,
   author = {{Lada}, C.~J.},
    title = "{Star formation - From OB associations to protostars}",
 keywords = {B Stars, Binary Stars, O Stars, Protostars, Star Formation, Infrared Spectra, Molecular Clouds, Ophiuchi Clouds, Spectral Energy Distribution, Star Clusters, Stellar Evolution},
booktitle = {Star Forming Regions},
     year = 1987,
   series = {IAU Symposium},
   volume = 115,
   editor = {{Peimbert}, M. and {Jugaku}, J.},
    pages = {1-17},
   adsurl = {http://adsabs.harvard.edu/abs/1987IAUS..115....1L},
  adsnote = {Provided by the SAO/NASA Astrophysics Data System}
}

@ARTICLE{Kryukova12,
   author = {{Kryukova}, E. and {Megeath}, S.~T. and {Gutermuth}, R.~A. and 
	{Pipher}, J. and {Allen}, T.~S. and {Allen}, L.~E. and {Myers}, P.~C. and 
	{Muzerolle}, J.},
    title = "{Luminosity Functions of Spitzer-identified Protostars in Nine Nearby Molecular Clouds}",
  journal = {\aj},
archivePrefix = "arXiv",
   eprint = {1204.1535},
 primaryClass = "astro-ph.SR",
 keywords = {infrared: stars, stars: formation, stars: luminosity function, mass function, stars: protostars},
     year = 2012,
    month = aug,
   volume = 144,
      eid = {31},
    pages = {31},
      doi = {10.1088/0004-6256/144/2/31},
   adsurl = {http://adsabs.harvard.edu/abs/2012AJ....144...31K},
  adsnote = {Provided by the SAO/NASA Astrophysics Data System}
}

